<record><leader>00000cas a22000007a 4500</leader><controlfield tag="001">12920487</controlfield><controlfield tag="008">851216d18471848pauwr ne      0    0eng d</controlfield><datafield ind1=" " ind2=" " tag="010"><subfield code="a">sn 85055198 </subfield></datafield><datafield ind1=" " ind2=" " tag="040"><subfield code="a">NPH</subfield><subfield code="b">eng</subfield><subfield code="c">NPH</subfield><subfield code="d">NPX</subfield><subfield code="d">NPH</subfield><subfield code="d">OCLCQ</subfield><subfield code="d">DLC</subfield><subfield code="d">OCLCF</subfield></datafield><datafield ind1=" " ind2=" " tag="042"><subfield code="a">msc</subfield></datafield><datafield ind1=" " ind2=" " tag="043"><subfield code="a">n-us-pa</subfield></datafield><datafield ind1="0" ind2="0" tag="245"><subfield code="a">Lewisburg chronicle and West Branch general advertiser.</subfield></datafield><datafield ind1=" " ind2=" " tag="260"><subfield code="a">Lewisburg, Pa. :</subfield><subfield code="b">O.N. Worden,</subfield><subfield code="c">1847-1848.</subfield></datafield><datafield ind1=" " ind2=" " tag="300"><subfield code="a">1 v.</subfield></datafield><datafield ind1=" " ind2=" " tag="310"><subfield code="a">Weekly</subfield></datafield><datafield ind1="0" ind2=" " tag="362"><subfield code="a">Vol. 4, no. 40 (Dec. 25, 1847)-v. 5, no. 39 (Dec. 15, 1848) = whole no. 196-247.</subfield></datafield><datafield ind1=" " ind2="0" tag="651"><subfield code="a">Lewisburg (Pa.)</subfield><subfield code="v">Newspapers.</subfield></datafield><datafield ind1=" " ind2="7" tag="655"><subfield code="a">Newspapers.</subfield><subfield code="2">fast</subfield><subfield code="0">(OCoLC)fst01423814</subfield></datafield><datafield ind1=" " ind2="7" tag="651"><subfield code="a">Pennsylvania</subfield><subfield code="z">Lewisburg.</subfield><subfield code="2">fast</subfield><subfield code="0">(OCoLC)fst01211084</subfield></datafield><datafield ind1=" " ind2=" " tag="752"><subfield code="a">United States</subfield><subfield code="b">Pennsylvania</subfield><subfield code="c">Union</subfield><subfield code="d">Lewisburg.</subfield></datafield><datafield ind1="0" ind2="0" tag="780"><subfield code="t">Lewisburg chronicle and Union County general advertiser</subfield><subfield code="w">(DLC)sn 86083439</subfield></datafield><datafield ind1="0" ind2="0" tag="785"><subfield code="t">Lewisburg chronicle, and the West Branch farmer</subfield><subfield code="x">2333-1712</subfield><subfield code="w">(DLC)sn 85055199</subfield><subfield code="w">(OCoLC)12920276</subfield></datafield></record>